@misc{szegedy2013,
    title={Intriguing properties of neural networks},
    author={Christian Szegedy and Wojciech Zaremba and Ilya Sutskever and Joan Bruna and Dumitru Erhan and Ian Goodfellow and Rob Fergus},
    year={2013},
    eprint={1312.6199},
    archivePrefix={arXiv},
    primaryClass={cs.CV}
}

@inproceedings{Ducoffe20,
author = {Ducoffe, M\'{e}lanie and Gerchinovitz, S\'{e}bastien and Sen Gupta, Jayant},
year = {2020},
month = {02},
pages = {},
booktitle={SafeAI},
title = {A High-Probability Safety Guarantee for Shifted Neural Network Surrogates}
}


@InProceedings{Arjovsky2017,
  title = 	 {{W}asserstein Generative Adversarial Networks},
  author = 	 {Martin Arjovsky and Soumith Chintala and L{\'e}on Bottou},
  booktitle = 	 {Proceedings of the 34th International Conference on Machine Learning},
  pages = 	 {214--223},
  year = 	 {2017},
  editor = 	 {Doina Precup and Yee Whye Teh},
  volume = 	 {70},
  series = 	 {Proceedings of Machine Learning Research},
  address = 	 {International Convention Centre, Sydney, Australia},
  month = 	 {06--11 Aug},
  publisher = 	 {PMLR},
  pdf = 	 {http://proceedings.mlr.press/v70/arjovsky17a/arjovsky17a.pdf},
  url = 	 {http://proceedings.mlr.press/v70/arjovsky17a.html},
  abstract = 	 {We introduce a new algorithm named WGAN, an alternative to traditional GAN training. In this new model, we show that we can improve the stability of learning, get rid of problems like mode collapse, and provide meaningful learning curves useful for debugging and hyperparameter searches. Furthermore, we show that the corresponding optimization problem is sound, and provide extensive theoretical work highlighting the deep connections to different distances between distributions.}
}

@article{gulrajani2017improved,
    author    = {Ishaan Gulrajani and
               Faruk Ahmed and
               Mart{\'{\i}}n Arjovsky and
               Vincent Dumoulin and
               Aaron C. Courville},
  title     = {Improved Training of Wasserstein GANs},
  journal   = {CoRR},
  volume    = {abs/1704.00028},
  year      = {2017},
  url       = {http://arxiv.org/abs/1704.00028},
  archivePrefix = {arXiv},
  eprint    = {1704.00028},
  timestamp = {Mon, 13 Aug 2018 16:47:43 +0200},
  biburl    = {https://dblp.org/rec/journals/corr/GulrajaniAADC17.bib},
  bibsource = {dblp computer science bibliography, https://dblp.org}
}

@article{Miyato2018SpectralNF,
  title={Spectral Normalization for Generative Adversarial Networks},
  author={Takeru Miyato and Toshiki Kataoka and Masanori Koyama and Yuichi Yoshida},
  journal={ArXiv},
  year={2018},
  volume={abs/1802.05957}
}

@misc{cisse2017parseval,
    title={Parseval Networks: Improving Robustness to Adversarial Examples},
    author={Moustapha Cisse and Piotr Bojanowski and Edouard Grave and Yann Dauphin and Nicolas Usunier},
    year={2017},
    eprint={1704.08847},
    archivePrefix={arXiv},
    primaryClass={stat.ML}
}

@incollection{NIPS2018_7640,
title = {Lipschitz regularity of deep neural networks: analysis and efficient estimation},
author = {Virmaux, Aladin and Scaman, Kevin},
booktitle = {Advances in Neural Information Processing Systems 31},
editor = {S. Bengio and H. Wallach and H. Larochelle and K. Grauman and N. Cesa-Bianchi and R. Garnett},
pages = {3835--3844},
year = {2018},
publisher = {Curran Associates, Inc.},
url = {http://papers.nips.cc/paper/7640-lipschitz-regularity-of-deep-neural-networks-analysis-and-efficient-estimation.pdf}
}
 
@article{SalimansK16,
  author    = {Tim Salimans and
               Diederik P. Kingma},
  title     = {Weight Normalization: {A} Simple Reparameterization to Accelerate
               Training of Deep Neural Networks},
  journal   = {CoRR},
  volume    = {abs/1602.07868},
  year      = {2016},
  url       = {http://arxiv.org/abs/1602.07868},
  archivePrefix = {arXiv},
  eprint    = {1602.07868},
  timestamp = {Mon, 13 Aug 2018 16:47:07 +0200},
  biburl    = {https://dblp.org/rec/journals/corr/SalimansK16.bib},
  bibsource = {dblp computer science bibliography, https://dblp.org}
}

@InProceedings{pmlr-v97-anil19a,
  title = 	 {Sorting Out {L}ipschitz Function Approximation},
  author = 	 {Anil, Cem and Lucas, James and Grosse, Roger},
  booktitle = 	 {Proceedings of the 36th International Conference on Machine Learning},
  pages = 	 {291--301},
  year = 	 {2019},
  editor = 	 {Chaudhuri, Kamalika and Salakhutdinov, Ruslan},
  volume = 	 {97},
  series = 	 {Proceedings of Machine Learning Research},
  address = 	 {Long Beach, California, USA},
  month = 	 {09--15 Jun},
  publisher = 	 {PMLR},
 
}

@inproceedings{boureau2010,
title = "A theoretical analysis of feature pooling in visual recognition",
author = "{Y. Lan} Boureau and Jean Ponce and Yann Lecun",
year = "2010",
month = sep,
day = "17",
language = "English (US)",
isbn = "9781605589077",
series = "ICML 2010 - Proceedings, 27th International Conference on Machine Learning",
pages = "111--118",
booktitle = "ICML 2010 - Proceedings, 27th International Conference on Machine Learning",
note = "27th International Conference on Machine Learning, ICML 2010 ; Conference date: 21-06-2010 Through 25-06-2010",
}

@article{He_2015,
   title={Delving Deep into Rectifiers: Surpassing Human-Level Performance on ImageNet Classification},
   ISBN={9781467383912},
   url={http://dx.doi.org/10.1109/ICCV.2015.123},
   DOI={10.1109/iccv.2015.123},
   journal={2015 IEEE International Conference on Computer Vision (ICCV)},
   publisher={IEEE},
   author={He, Kaiming and Zhang, Xiangyu and Ren, Shaoqing and Sun, Jian},
   year={2015},
   month={Dec}
}



@book{villani2008,
  title={Optimal Transport: Old and New},
  author={C\'{e}dric Villani},
  series={Grundlehren der mathematischen Wissenschaften},
  year={2008},
  publisher={Springer Berlin Heidelberg}
}

@incollection{Goodfellow2014,
title = {Generative Adversarial Nets},
author = {Ian Goodfellow and Jean Pouget-Abadie and Mehdi Mirza  and Bing Xu  and David Warde-Farley  and Sherjil Ozair and Aaron Courville  and Yoshua Bengio },
booktitle = {Advances in Neural Information Processing Systems 27},
editor = {Z. Ghahramani and M. Welling and C. Cortes and N. D. Lawrence and K. Q. Weinberger},
pages = {2672--2680},
year = {2014},
publisher = {Curran Associates, Inc.}
}

@article{del2018central,
  title={A Central Limit Theorem for $ L\_p $ transportation cost with applications to Fairness Assessment in Machine Learning},
  author={Eustasio Del Barrio  and Paula Gordaliza  and Jean-Michel Loubes },
  journal={Information and Inference : A journal of IMA },
  editor={Oxford Academics},
  year={2019}
}
@article{besse2018confidence,
  title={Confidence Intervals for Testing Disparate Impact in Fair Learning},
  author={Philippe Besse  and Eustasio Del Barrio  and Paula Gordaliza  and Jean-Michel Loubes  },
  journal={arXiv preprint arXiv:1807.06362},
  year={2018}
}

@ARTICLE{bjorck71Ortho,
       author = {{\AA}ke Bj{\"o}rck and C. Bowie},
        title = "{An Iterative Algorithm for Computing the Best Estimate of an Orthogonal Matrix}",
      journal = {SIAM Journal on Numerical Analysis},
         year = 1971,
        month = jun,
       volume = {8},
       number = {2},
        pages = {358-364},
          doi = {10.1137/0708036},
       adsurl = {https://ui.adsabs.harvard.edu/abs/1971SJNA....8..358B},
      adsnote = {Provided by the SAO/NASA Astrophysics Data System}
}

@misc{flamary2017pot,
title={POT Python Optimal Transport library},
author={Flamary, R\'{e}mi and Courty, Nicolas},
url={https://github.com/rflamary/POT},
year={2017}
}
@article{scikit-learn,
 title={Scikit-learn: Machine Learning in {P}ython},
 author={Pedregosa, F. and Varoquaux, G. and Gramfort, A. and Michel, V.
         and Thirion, B. and Grisel, O. and Blondel, M. and Prettenhofer, P.
         and Weiss, R. and Dubourg, V. and Vanderplas, J. and Passos, A. and
         Cournapeau, D. and Brucher, M. and Perrot, M. and Duchesnay, E.},
 journal={Journal of Machine Learning Research},
 volume={12},
 pages={2825--2830},
 year={2011}
}

@INPROCEEDINGS{Lecun98,
    author = {Yann Lecun and L\'{e}on Bottou and Yoshua Bengio and Patrick Haffner},
    title = {Gradient-based learning applied to document recognition},
    booktitle = {Proceedings of the IEEE},
    year = {1998},
    pages = {2278--2324}
}

@inproceedings{liu2015faceattributes,
 title = {Deep Learning Face Attributes in the Wild},
 author = {Liu, Ziwei and Luo, Ping and Wang, Xiaogang and Tang, Xiaoou},
 booktitle = {Proceedings of International Conference on Computer Vision (ICCV)},
 month = {December},
 year = {2015} 
}


@article{moosavi-deepfool15,
	title = {{DeepFool}: a simple and accurate method to fool deep neural networks},
	shorttitle = {{DeepFool}},
	url = {http://arxiv.org/abs/1511.04599},
	journal = {arXiv:1511.04599 [cs]},
	author = {Moosavi-Dezfooli, Seyed-Mohsen and Fawzi, Alhussein and Frossard, Pascal},
	month = nov,
	year = {2015},
	note = {arXiv: 1511.04599},
	keywords = {Computer Science - Machine Learning, Computer Science - Computer Vision and Pattern Recognition, Read, Top},
	file = {arXiv\:1511.04599 PDF:C\:\\Users\\franck.mamalet\\Zotero\\storage\\5A9564QP\\Moosavi-Dezfooli et al. - 2015 - DeepFool a simple and accurate method to fool dee.pdf:application/pdf;arXiv.org Snapshot:C\:\\Users\\franck.mamalet\\Zotero\\storage\\43SKQFKT\\1511.html:text/html}
}


@article{rauber_foolbox_2018,
	title = {Foolbox: {A} {Python} toolbox to benchmark the robustness of machine learning models},
	shorttitle = {Foolbox},
	url = {http://arxiv.org/abs/1707.04131},
	urldate = {2020-03-03},
	journal = {arXiv:1707.04131 [cs, stat]},
	author = {Rauber, Jonas and Brendel, Wieland and Bethge, Matthias},
	month = mar,
	year = {2018},
	note = {arXiv: 1707.04131},
	keywords = {Computer Science - Computer Vision and Pattern Recognition, Computer Science - Cryptography and Security, Computer Science - Machine Learning, Statistics - Machine Learning},
	file = {1707.04131.pdf:C\:\\Users\\franck.mamalet\\Zotero\\storage\\H5K3CRV3\\1707.04131.pdf:application/pdf}
}

@article{cisse_parseval_2017,
	title = {Parseval {Networks}: {Improving} {Robustness} to {Adversarial} {Examples}},
	shorttitle = {Parseval {Networks}},
	url = {http://arxiv.org/abs/1704.08847},
	urldate = {2019-07-24},
	journal = {arXiv:1704.08847 [cs, stat]},
	author = {Cisse, Moustapha and Bojanowski, Piotr and Grave, Edouard and Dauphin, Yann and Usunier, Nicolas},
	month = apr,
	year = {2017},
	note = {arXiv: 1704.08847},
	keywords = {Computer Science - Machine Learning, Statistics - Machine Learning, Computer Science - Cryptography and Security, Computer Science - Artificial Intelligence},
	}
	
	
@article{he_deep_2015,
	title = {Deep {Residual} {Learning} for {Image} {Recognition}},
	url = {http://arxiv.org/abs/1512.03385},
	urldate = {2018-10-10},
	journal = {arXiv:1512.03385 [cs]},
	author = {He, Kaiming and Zhang, Xiangyu and Ren, Shaoqing and Sun, Jian},
	month = dec,
	year = {2015},
	note = {arXiv: 1512.03385},
	keywords = {Computer Science - Computer Vision and Pattern Recognition},
}


@article{szegedy_intriguing_2013,
	title = {Intriguing properties of neural networks},
	url = {http://arxiv.org/abs/1312.6199},
	urldate = {2018-09-04},
	journal = {arXiv:1312.6199 [cs]},
	author = {Szegedy, Christian and Zaremba, Wojciech and Sutskever, Ilya and Bruna, Joan and Erhan, Dumitru and Goodfellow, Ian and Fergus, Rob},
	month = dec,
	year = {2013},
	keywords = {Computer Science - Machine Learning, Computer Science - Computer Vision and Pattern Recognition, Computer Science - Neural and Evolutionary Computing, Read, Top},
}

@article{DBLP:journals/corr/KatzBDJK17,
  author    = {Guy Katz and
               Clark W. Barrett and
               David L. Dill and
               Kyle Julian and
               Mykel J. Kochenderfer},
  title     = {Reluplex: An Efficient {SMT} Solver for Verifying Deep Neural Networks},
  journal   = {CoRR},
  volume    = {abs/1702.01135},
  year      = {2017},
  url       = {http://arxiv.org/abs/1702.01135},
  archivePrefix = {arXiv},
  eprint    = {1702.01135},
  timestamp = {Mon, 13 Aug 2018 16:47:36 +0200},
  biburl    = {https://dblp.org/rec/journals/corr/KatzBDJK17.bib},
  bibsource = {dblp computer science bibliography, https://dblp.org}
}
@article{GOLUB200035,
title = "Eigenvalue computation in the 20th century",
journal = "Journal of Computational and Applied Mathematics",
volume = "123",
number = "1",
pages = "35 - 65",
year = "2000",
note = "Numerical Analysis 2000. Vol. III: Linear Algebra",

url = "http://www.sciencedirect.com/science/article/pii/S0377042700004131",
author = "Gene H. Golub and Henk A. van der Vorst",
keywords = "QR, QZ, Lanczos’ method, Arnoldi's method, Jacobi–Davidson, Power iteration, RKS, Jacobi's method, SVD, Perturbation theory",

}
@article{DBLP:journals/corr/abs-1711-00399,
  author    = {Sandra Wachter and
               Brent D. Mittelstadt and
               Chris Russell},
  title     = {Counterfactual Explanations without Opening the Black Box: Automated
               Decisions and the {GDPR}},
  journal   = {CoRR},
  volume    = {abs/1711.00399},
  year      = {2017},
  url       = {http://arxiv.org/abs/1711.00399},
  archivePrefix = {arXiv},
  eprint    = {1711.00399},
  timestamp = {Wed, 23 Jan 2019 13:31:00 +0100},
  biburl    = {https://dblp.org/rec/journals/corr/abs-1711-00399.bib},
  bibsource = {dblp computer science bibliography, https://dblp.org}
}

@article{Sokolic_2017,
   title={Robust Large Margin Deep Neural Networks},
   volume={65},
   ISSN={1941-0476},
   url={http://dx.doi.org/10.1109/TSP.2017.2708039},
   DOI={10.1109/tsp.2017.2708039},
   number={16},
   journal={IEEE Transactions on Signal Processing},
   publisher={Institute of Electrical and Electronics Engineers (IEEE)},
   author={Sokolic, Jure and Giryes, Raja and Sapiro, Guillermo and Rodrigues, Miguel R. D.},
   year={2017},
   month={Aug},
   pages={4265–4280}
}
@misc{tsipras2018robustness,
    title={Robustness May Be at Odds with Accuracy},
    author={Dimitris Tsipras and Shibani Santurkar and Logan Engstrom and Alexander Turner and Aleksander Madry},
    year={2018},
    eprint={1805.12152},
    archivePrefix={arXiv},
    primaryClass={stat.ML}
}


@article{hein_formal_2017,
	title = {Formal {Guarantees} on the {Robustness} of a {Classifier} against {Adversarial} {Manipulation}},
	url = {http://arxiv.org/abs/1705.08475},
	urldate = {2019-10-01},
	journal = {arXiv:1705.08475 [cs, stat]},
	author = {Hein, Matthias and Andriushchenko, Maksym},
	month = may,
	year = {2017},
}



@article{huster_limitations_2018,
	title = {Limitations of the {Lipschitz} constant as a defense against adversarial examples},
	url = {http://arxiv.org/abs/1807.09705},
	urldate = {2020-05-14},
	journal = {arXiv:1807.09705 [cs, stat]},
	author = {Huster, Todd and Chiang, Cho-Yu Jason and Chadha, Ritu},
	month = jul,
	year = {2018},
	note = {arXiv: 1807.09705},
	keywords = {Computer Science - Machine Learning, Statistics - Machine Learning},
}

@book{RoWe,
author = {R . Tyrrell Rockafellar and Roger Wets},
year = {2004},
month = {01},
pages = {},
publisher={Springer},
title = {Variational Analysis},
volume = {317},
doi = {10.1007/978-3-642-02431-3}
}

@article{ono_lightweight_2018,
	title = {Lightweight {Lipschitz} {Margin} {Training} for {Certified} {Defense} against {Adversarial} {Examples}},
	url = {http://arxiv.org/abs/1811.08080},
	urldate = {2020-05-14},
	journal = {arXiv:1811.08080 [cs, stat]},
	author = {Ono, Hajime and Takahashi, Tsubasa and Kakizaki, Kazuya},
	month = nov,
	year = {2018},
	note = {arXiv: 1811.08080},
}

@inproceedings{qian_l2-nonexpansive_2019,
title={L2-Nonexpansive Neural Networks},
author={Haifeng Qian and Mark N. Wegman},
booktitle={International Conference on Learning Representations},
year={2019},
url={https://openreview.net/forum?id=ByxGSsR9FQ},
}

@misc{tensorflow2015-whitepaper,
title={ {TensorFlow}: Large-Scale Machine Learning on Heterogeneous Systems},
url={https://www.tensorflow.org/},
note={Software available from tensorflow.org},
author={
    Mart\'{\i}n~Abadi et al.},
  year={2015},
}

@book{Brez,
author = {Brezis, Haim},
year = {2010},
month = {01},
pages = {},
publisher={Springer},
title = {Function Analysis, Sobolev Spaces and Partial Differential Equations},
}

@article{GaMc,
author = {Gangbo, Wilfrid and McCann, Robert},
year = {1996},
month = {09},
pages = {113-161},
title = {The geometry of optimal transportation},
volume = {177},
journal = {Acta Mathematica},
doi = {10.1007/BF02392620}
}